<?xml version="1.0" encoding="UTF-8"?><collection xmlns="http://www.loc.gov/MARC21/slim"><record><leader>00534nam--2200193-u-4500</leader><controlfield tag="001">000055740</controlfield><controlfield tag="002">20161230</controlfield><controlfield tag="005">20161230201052</controlfield><controlfield tag="008">130409s1000------------r-----000-0-rum-d</controlfield><datafield ind1=" " ind2=" " tag="040"><subfield code="a">IFIN-HH</subfield></datafield><datafield ind1=" " ind2=" " tag="041"><subfield code="a">rum</subfield></datafield><datafield ind1=" " ind2=" " tag="080"><subfield code="a">514.755(021)</subfield></datafield><datafield ind1="1" ind2=" " tag="100"><subfield code="a">Pantazi, Al</subfield></datafield><datafield ind1="1" ind2="0" tag="245"><subfield code="a">Elemente de geometrie diferentiala proiectiva a curbelor si suprafetelor</subfield><subfield code="c">Al. pantazi</subfield></datafield><datafield ind1=" " ind2=" " tag="260"><subfield code="a">Bucuresti</subfield><subfield code="b">Academia Romana</subfield><subfield code="c">1942</subfield></datafield><datafield ind1=" " ind2=" " tag="300"><subfield code="a">156P</subfield></datafield><datafield ind1=" " ind2=" " tag="490"><subfield code="a">Monografii Stiintifice</subfield><subfield code="v">Vol. V</subfield></datafield><datafield ind1=" " ind2=" " tag="852"><subfield code="a">44484</subfield><subfield code="c">H.H</subfield></datafield><datafield ind1=" " ind2=" " tag="CAT"><subfield code="a">Sys</subfield><subfield code="c">20130409</subfield><subfield code="h">135054</subfield></datafield></record></collection>